@article{bane2014tetrodotoxin, title={Tetrodotoxin: Chemistry, toxicity, source, distribution and detection}, author={Bane, Vaishali and Lehane, Mary and Dikshit, Madhurima and O'Riordan, Alan and Furey, Ambrose}, journal={Toxins}, volume={6}, number={2}, pages={693--755}, year={2014}, publisher={Multidisciplinary Digital Publishing Institute} }   
@article{berenbaum1995chemistry, title={The chemistry of defense: theory and practice}, author={Berenbaum, May R}, journal={Proceedings of the National Academy of Sciences}, volume={92}, number={1}, pages={2--8}, year={1995}, publisher={National Acad Sciences} }   
@article{berlinck2016chemistry, title={The chemistry and biology of guanidine natural products}, author={Berlinck, Roberto GS and Romminger, Stelamar}, journal={Natural product reports}, volume={33}, number={3}, pages={456--490}, year={2016}, publisher={Royal Society of Chemistry} }   
@article{brodie1991predator, title={Predator avoidance and antipredator mechanisms: distinct pathways to survival}, author={Brodie Jr, ED and Formanowicz Jr, DR and Brodie III, ED}, journal={Ethology Ecology \& Evolution}, volume={3}, number={1}, pages={73--77}, year={1991}, publisher={Taylor \& Francis} }   
@article{chau2011origins, title={On the origins and biosynthesis of tetrodotoxin}, author={Chau, Rocky and Kalaitzis, John A and Neilan, Brett A}, journal={Aquatic Toxicology}, volume={104}, number={1-2}, pages={61--72}, year={2011}, publisher={Elsevier} }  
@article{conlon2011contribution, title={The contribution of skin antimicrobial peptides to the system of innate immunity in anurans}, author={Conlon, J Michael}, journal={Cell and tissue research}, volume={343}, number={1}, pages={201--212}, year={2011}, publisher={Springer} }   
@article{daly1987further, title={Further classification of skin alkaloids from neotropical poison frogs (Dendrobatidae), with a general survey of toxic/noxious substances in the amphibia}, author={Daly, John W and Myers, Charles W and Whittaker, Noel}, journal={Toxicon}, volume={25}, number={10}, pages={1023--1095}, year={1987}, publisher={Elsevier} }   
@article{daly2004biologically, title={Biologically active substances from amphibians: preliminary studies on anurans from twenty-one genera of Thailand}, author={Daly, John W and Noimai, Naratitt and Kongkathip, Boonsong and Kongkathip, Ngampong and Wilham, Jason M and Garraffo, H Martin and Kaneko, Tetsuo and Spande, Thomas F and Nimit, Yuth and Nabhitabhata, Jarujin and others}, journal={Toxicon}, volume={44}, number={8}, pages={805--815}, year={2004}, publisher={Elsevier} }   
@article{daly2005alkaloids, title={Alkaloids from amphibian skin: a tabulation of over eight-hundred compounds}, author={Daly, John W and Spande, Thomas F and Garraffo, H Martin}, journal={Journal of Natural Products}, volume={68}, number={10}, pages={1556--1575}, year={2005}, publisher={ACS Publications} }   
@article{de2017neurological, title={Neurological aspects of chemical and biological terrorism: guidelines for neurologists}, author={De Cauwer, Harald and Somville, Francis JMP and Joillet, Marieke}, journal={Acta neurologica Belgica}, volume={117}, number={3}, pages={603--611}, year={2017}, publisher={Springer} }  
@article{erspamer1994bioactive, title={Bioactive secretions of the amphibian integument}, author={Erspamer, Vittorio}, journal={Amphibian biology}, volume={1}, pages={178--350}, year={1994}, publisher={Surrey Beatty \& Sons Pty., Ltd.: Chipping Norton, UK} }   
@article{gorka2002biological, title={Biological toxins: a bioweapon threat in the 21st century}, author={Gorka, Sebestyen and Sullivan, Richard}, journal={Security Dialogue}, volume={33}, number={2}, pages={141--156}, year={2002}, publisher={Sage Publications London} }  
@article{hagen2017tetrodotoxin, title={Tetrodotoxin for moderate to severe cancer-related pain: a multicentre, randomized, double-blind, placebo-controlled, parallel-design trial}, author={Hagen, Neil A and Cantin, Lyne and Constant, John and Haller, Tina and Blaise, Gilbert and Ong-Lam, May and du Souich, Patrick and Korz, Walter and Lapointe, Bernard}, journal={Pain Research and Management}, volume={2017}, year={2017}, publisher={Hindawi} }  
@article{hanifin2003tetrodotoxin, title={Tetrodotoxin levels in eggs of the rough-skin newt, Taricha granulosa, are correlated with female toxicity}, author={Hanifin, Charles T and Brodie, Edmund D}, journal={Journal of chemical ecology}, volume={29}, number={8}, pages={1729--1739}, year={2003}, publisher={Springer} }  
@article{hanifin2010chemical, title={The chemical and evolutionary ecology of tetrodotoxin (TTX) toxicity in terrestrial vertebrates}, author={Hanifin, Charles T}, journal={Marine drugs}, volume={8}, number={3}, pages={577--593}, year={2010}, publisher={Molecular Diversity Preservation International} }   
@article{jal2015overview, title={An overview on the origin and production of tetrodotoxin, a potent neurotoxin}, author={Jal, S and Khora, SS}, journal={Journal of applied microbiology}, volume={119}, number={4}, pages={907--916}, year={2015}, publisher={Wiley Online Library} }   
@article{lehman2004no, title={No evidence for an endosymbiotic bacterial origin of tetrodotoxin in the newt Taricha granulosa}, author={Lehman, Elizabeth M and Brodie Jr, Edmund D and Brodie III, Edmund D}, journal={Toxicon}, volume={44}, number={3}, pages={243--249}, year={2004}, publisher={Elsevier} }  
@article{mandal2012tetrodotoxin, title={Tetrodotoxin: An intriguing molecule}, author={Mandal, Niharika and Khora, Samanta Sekhar and Mohanapriya, Kanagaraj and Jal, Soumya}, journal={Journal of Pharmacy Research}, volume={5}, number={7}, pages={3567--3570}, year={2012} }   
@article{matsui2000purification, title={Purification and some properties of a tetrodotoxin binding protein from the blood plasma of kusafugu, Takifugu niphobles}, author={Matsui, Takashi and Yamamori, Kunio and Furukawa, Kiyoshi and Kono, Michiko}, journal={Toxicon}, volume={38}, number={3}, pages={463--468}, year={2000}, publisher={Elsevier} }   
@article{mosher1964tarichatoxin, title={Tarichatoxin-tetrodotoxin: a potent neurotoxin}, author={Mosher, HS and Fuhrman, FA and Buchwald, HD and Fischer, H Gr}, journal={Science}, volume={144}, number={3622}, pages={1100--1110}, year={1964}, publisher={JSTOR} }   
@article{narahashi2008tetrodotoxin, title={Tetrodotoxin}, author={Narahashi, Toshio}, journal={Proceedings of the Japan Academy, Series B}, volume={84}, number={5}, pages={147--154}, year={2008}, publisher={The Japan Academy} }   
@article{nieto2012tetrodotoxin, title={Tetrodotoxin (TTX) as a therapeutic agent for pain}, author={Nieto, Francisco Rafael and Cobos, Enrique Jos{\'e} and Tejada, Miguel {\'A}ngel and S{\'a}nchez-Fern{\'a}ndez, Cristina and Gonz{\'a}lez-Cano, Rafael and Cend{\'a}n, Cruz Miguel}, journal={Marine drugs}, volume={10}, number={2}, pages={281--305}, year={2012}, publisher={Molecular Diversity Preservation International} }  
@article{pukala2006host, title={Host-defence peptides from the glandular secretions of amphibians: structure and activity}, author={Pukala, Tara L and Bowie, John H and Maselli, Vita M and Musgrave, Ian F and Tyler, Michael J}, journal={Natural product reports}, volume={23}, number={3}, pages={368--393}, year={2006}, publisher={Royal Society of Chemistry} }   
@article{rivas2009amphibian, title={Amphibian antimicrobial peptides and Protozoa: lessons from parasites}, author={Rivas, Luis and Luque-Ortega, Juan Rom{\'a}n and Andreu, David}, journal={Biochimica et Biophysica Acta (BBA)-Biomembranes}, volume={1788}, number={8}, pages={1570--1581}, year={2009}, publisher={Elsevier} }   
@article{salvitti2015first, title={First identification of tetrodotoxin (TTX) in the flatworm Stylochoplana sp.; a source of TTX for the sea slug Pleurobranchaea maculata}, author={Salvitti, Lauren and Wood, Susanna A and Taylor, David I and McNabb, Paul and Cary, S Craig}, journal={Toxicon}, volume={95}, pages={23--29}, year={2015}, publisher={Elsevier} }  
@article{simao2015busco, title={BUSCO: assessing genome assembly and annotation completeness with single-copy orthologs}, author={Sim{\~a}o, Felipe A and Waterhouse, Robert M and Ioannidis, Panagiotis and Kriventseva, Evgenia V and Zdobnov, Evgeny M}, journal={Bioinformatics}, volume={31}, number={19}, pages={3210--3212}, year={2015}, publisher={Oxford University Press} }  
@article{smith2006venom, title={Venom evolution widespread in fishes: a phylogenetic road map for the bioprospecting of piscine venoms}, author={Smith, William Leo and Wheeler, Ward C}, journal={Journal of Heredity}, volume={97}, number={3}, pages={206--217}, year={2006}, publisher={Oxford University Press} }   
@article{stokes2012improved, title={An improved competitive inhibition enzymatic immunoassay method for tetrodotoxin quantification}, author={Stokes, Amber N and Williams, Becky L and French, Susannah S}, journal={Biological procedures online}, volume={14}, number={1}, pages={3}, year={2012}, publisher={BioMed Central} } 
@article{tan2014chemistry, title={The chemistry of guanidine, guanidinium, and guanidinate compounds}, author={Tan, Choon Hong and Coles, Martyn}, journal={Australian Journal of Chemistry}, volume={67}, number={7}, pages={963--964}, year={2014}, publisher={CSIRO} }  
@article{toledo1995cutaneous, title={Cutaneous granular glands and amphibian venoms}, author={Toledo, RC and Jared, C}, journal={Comparative Biochemistry and Physiology Part A: Physiology}, volume={111}, number={1}, pages={1--29}, year={1995}, publisher={Elsevier} }   
@article{williams2010tetrodotoxin, title={Tetrodotoxin affects survival probability of rough-skinned newts (Taricha granulosa) faced with TTX-resistant garter snake predators (Thamnophis sirtalis)}, author={Williams, Becky L and Hanifin, Charles T and Brodie, Edmund D and Brodie III, Edmund D}, journal={Chemoecology}, volume={20}, number={4}, pages={285--290}, year={2010}, publisher={Springer} }   
@article{yokoyama2018skin, title={Skin regeneration of amphibians: A novel model for skin regeneration as adults}, author={Yokoyama, Hitoshi and Kudo, Nanako and Todate, Momoko and Shimada, Yuri and Suzuki, Makoto and Tamura, Koji}, journal={Development, growth \& differentiation}, year={2018}, publisher={Wiley Online Library} }  
@article{zamperini2017identification, title={Identification, synthesis and biological activity of alkyl-guanidine oligomers as potent antibacterial agents}, author={Zamperini, C and Maccari, G and Deodato, D and Pasero, C and D’agostino, I and Orofino, F and De Luca, F and Dreassi, E and Docquier, JD and Botta, M}, journal={Scientific reports}, volume={7}, number={1}, pages={8251}, year={2017}, publisher={Nature Publishing Group} }  
@article{zhang2014effects, title={Effects of surface piezoelectricity and nonlocal scale on wave propagation in piezoelectric nanoplates}, author={Zhang, LL and Liu, JX and Fang, XQ and Nie, GQ}, journal={European Journal of Mechanics-A/Solids}, volume={46}, pages={22--29}, year={2014}, publisher={Elsevier} }  


@article{bolger2014trimmomatic,
  title={Trimmomatic: a flexible trimmer for Illumina sequence data},
  author={Bolger, Anthony M and Lohse, Marc and Usadel, Bjoern},
  journal={Bioinformatics},
  volume={30},
  number={15},
  pages={2114--2120},
  year={2014},
  publisher={Oxford University Press}
}

@article{grabherr2011trinity,
  title={Trinity: reconstructing a full-length transcriptome without a genome from RNA-Seq data},
  author={Grabherr, Manfred G and Haas, Brian J and Yassour, Moran and Levin, Joshua Z and Thompson, Dawn A and Amit, Ido and Adiconis, Xian and Fan, Lin and Raychowdhury, Raktima and Zeng, Qiandong and others},
  journal={Nature biotechnology},
  volume={29},
  number={7},
  pages={644},
  year={2011},
  publisher={NIH Public Access}
}

@article{haas2013novo,
  title={De novo transcript sequence reconstruction from RNA-seq using the Trinity platform for reference generation and analysis},
  author={Haas, Brian J and Papanicolaou, Alexie and Yassour, Moran and Grabherr, Manfred and Blood, Philip D and Bowden, Joshua and Couger, Matthew Brian and Eccles, David and Li, Bo and Lieber, Matthias and others},
  journal={Nature protocols},
  volume={8},
  number={8},
  pages={1494},
  year={2013},
  publisher={Nature Publishing Group}
}

@article{li2011rsem,
  title={RSEM: accurate transcript quantification from RNA-Seq data with or without a reference genome},
  author={Li, Bo and Dewey, Colin N},
  journal={BMC bioinformatics},
  volume={12},
  number={1},
  pages={323},
  year={2011},
  publisher={BioMed Central}
}

@article{langmead2009ultrafast,
  title={Ultrafast and memory-efficient alignment of short DNA sequences to the human genome},
  author={Langmead, Ben and Trapnell, Cole and Pop, Mihai and Salzberg, Steven L},
  journal={Genome biology},
  volume={10},
  number={3},
  pages={R25},
  year={2009},
  publisher={BioMed Central}
}


@article{robinson2010edger,
  title={edgeR: a Bioconductor package for differential expression analysis of digital gene expression data},
  author={Robinson, Mark D and McCarthy, Davis J and Smyth, Gordon K},
  journal={Bioinformatics},
  volume={26},
  number={1},
  pages={139--140},
  year={2010},
  publisher={Oxford University Press}
}

@article{sebben1986tetrodotoxin,
  title={A tetrodotoxin-like substance found in the Brazilian frog Brachycephalus ephippium},
  author={Sebben, Antonio and Schwartz, Carlos Alberto and Valente, Domingos and Mendes, Erasmo Garcia},
  journal={Toxicon},
  volume={24},
  number={8},
  pages={799--806},
  year={1986},
  publisher={Elsevier}
}

@article{pires2002occurrence,
  title={Occurrence of tetrodotoxin and its analogues in the Brazilian frog Brachycephalus ephippium (Anura: Brachycephalidae)},
  author={Pires Jr, Osmindo R and Sebben, Antonio and Schwartz, Elisabeth F and Largura, Simone WR and Bloch Jr, Carlos and Morales, Rodrigo AV and Schwartz, Carlos A},
  journal={Toxicon},
  volume={40},
  number={6},
  pages={761--766},
  year={2002},
  publisher={Elsevier}
}

@article{pires2005further,
  title={Further report of the occurrence of tetrodotoxin and new analogues in the Anuran family Brachycephalidae},
  author={Pires Jr, Osmindo R and Sebben, Antonio and Schwartz, Elisabeth F and Morales, Rodrigo AV and Bloch Jr, Carlos and Schwartz, Carlos A},
  journal={Toxicon},
  volume={45},
  number={1},
  pages={73--79},
  year={2005},
  publisher={Elsevier}
}

@article{aparicio2002whole,
  title={Whole-genome shotgun assembly and analysis of the genome of Fugu rubripes},
  author={Aparicio, Samuel and Chapman, Jarrod and Stupka, Elia and Putnam, Nik and Chia, Jer-ming and Dehal, Paramvir and Christoffels, Alan and Rash, Sam and Hoon, Shawn and Smit, Arian F and others},
  journal={Science},
  year={2002},
  publisher={American Association for the Advancement of Science}
}

@article{gao2014draft,
  title={Draft sequencing and analysis of the genome of pufferfish Takifugu Flavidus},
  author={Gao, Yang and Gao, Qiang and Zhang, Huan and Wang, Lingling and Zhang, Fuchong and Yang, Chuanyan and Song, Linsheng},
  journal={DNA research},
  volume={21},
  number={6},
  pages={627--637},
  year={2014},
  publisher={Oxford University Press}
}

@article{kudo2014draft,
  title={Draft genome sequences of Vibrio sp. strains isolated from tetrodotoxin-bearing scavenging gastropod},
  author={Kudo, Toshiaki and Kawauchi, Ayumi and Nakahara, Tomomi and Zhang, Xiaochi and Taniyama, Shigeto and Takatani, Tomohiro and Arakawa, Osamu and Oshima, Kenshiro and Suda, Wataru and Kitamura, Keiko and others},
  journal={Genome announcements},
  volume={2},
  number={3},
  pages={e00623--14},
  year={2014},
  publisher={Am Soc Microbiol}
}

@article{jaillon2004genome,
  title={Genome duplication in the teleost fish Tetraodon nigroviridis reveals the early vertebrate proto-karyotype},
  author={Jaillon, Olivier and Aury, Jean-Marc and Brunet, Fr{\'e}d{\'e}ric and Petit, Jean-Louis and Stange-Thomann, Nicole and Mauceli, Evan and Bouneau, Laurence and Fischer, C{\'e}cile and Ozouf-Costaz, Catherine and Bernot, Alain and others},
  journal={Nature},
  volume={431},
  number={7011},
  pages={946},
  year={2004},
  publisher={Nature Publishing Group}
}
